% Encoding: UTF-8

@book{gonzalez:92,
  title     = {Digital Image Processing},
  publisher = {Addison-Wesley},
  year      = {1992},
  author    = {Gonzalez, R. C. and Woods, R. E.}
}

@inproceedings{kwan:99,
  author    = {Kwan, R. K.-S. and Evans, A. C. and Pike, G. B},
  title     = {MRI Simulation-Based Evaluation of Image-Processing and Classification Methods},
  booktitle = {IEEE Transactions on Medical Imaging},
  volume    = {18},
  number    = {11},
  pages     = {1085-1097},
  month     = {Novembro},
  year      = {1999}
}

@misc{inpe:analogico:96,
  author       = {INPE},
  title        = {Levantamento da Extensão do Desflorestamento Bruto na Amazônia Legal - Metodologia},
  year         = {1996},
  howpublished = {\url{http://www.obt.inpe.br/OBT/assuntos/programas/amazonia/prodes/pdfs/apresentacao-prodes-analogico.pdf}},
  note         = {Acesso em 27 de Junho de 2023}
}

@misc{inpe:prodes:2022,
  author       = {INPE},
  title        = {Monitoramento do Desmatamento da Floresta Amazônica Brasileira por Satélite},
  year         = {2022},
  howpublished = {\url{http://www.obt.inpe.br/OBT/assuntos/programas/amazonia/prodes}},
  note         = {Acesso em 27 de Junho de 2023}
}
@misc{inpe:brasilis:2023,
  author       = {INPE},
  title        = {TerraBrasilis},
  year         = {2023},
  howpublished = {\url{http://terrabrasilis.dpi.inpe.br/}},
  note         = {Acesso em 27 de Junho de 2023}
}

@misc{eos:cir:2023,
  author       = {EOS Data Analytics},
  title        = {Color Infrared (Vegetation)},
  year         = {2023},
  howpublished = {\url{https://eos.com/make-an-analysis/color-infrared/}},
  note         = {Acesso em 27 de Junho de 2023}
}

@misc{planet:2020,
  author       = {Planet Labs PBC},
  title        = {Norway's International Climate and Forests Initiative Satellite Data Program},
  year         = {2020},
  howpublished = {\url{https://www.planet.com/nicfi/}},
  note         = {Acesso em 20 de Junho de 2023}
}

@misc{noruega:2020,
  author       = {Norway's International Climate and Forest Initiative},
  title        = {New satellite images to allow anyone, anywhere, to monitor tropical deforestation},
  year         = {2020},
  howpublished = {\url{https://www.nicfi.no/current/new-satellite-images-to-allow-anyone-anywhere-to-monitor-tropical-deforestation/}},
  note         = {Acesso em 20 de Junho de 2023}
}

@article{kmeans:1979,
  issn      = {00359254, 14679876},
  url       = {http://www.jstor.org/stable/2346830},
  author    = {J. A. Hartigan and M. A. Wong},
  journal   = {Journal of the Royal Statistical Society. Series C (Applied Statistics)},
  number    = {1},
  pages     = {100--108},
  publisher = {[Wiley, Royal Statistical Society]},
  title     = {{Algorithm AS 136: A K-Means Clustering Algorithm}},
  urldate   = {2023-06-27},
  volume    = {28},
  year      = {1979}
}

@article{dhanachandra:2015,
  title   = {Image Segmentation Using K-means Clustering Algorithm and Subtractive Clustering Algorithm},
  journal = {Procedia Computer Science},
  volume  = {54},
  pages   = {764-771},
  year    = {2015},
  issn    = {1877-0509},
  doi     = {https://doi.org/10.1016/j.procs.2015.06.090},
  url     = {https://www.sciencedirect.com/science/article/pii/S1877050915014143},
  author  = {Nameirakpam Dhanachandra and Khumanthem Manglem and Yambem Jina Chanu}
}

@misc{skysat:2022,
  author       = {{Satellite Imaging Corporation}},
  howpublished = {\url{https://www.satimagingcorp.com/satellite-sensors/skysat-2/}},
  title        = {SkySat Satellite Constellation},
  year         = {2022}
}

@Comment{jabref-meta: databaseType:bibtex;}
